%% ----------------------------------------------------------------
%% UOS.bib
%% ---------------------------------------------------------------- 
@MISC{Longman:2019:templ,
  author =       {E. Longman},
  title =        {{University of Southampton LaTeX documents}},
  year =         {2019},
  NOTE =     "\url{https://library.soton.ac.uk/thesis/templates} and
             \url{https://git.soton.ac.uk/el7g15/uos-latex-template}",
}
@MISC{Gunn:2001:pdflatex,
  author =       {S.R. Gunn},
  title =        {PDFLaTeX Instructions},
  year =         {2001}
}
@MISC{Lovell:2011:updated,
  author =       {C. J. Lovell},
  title =        {Updated templates},
  year =         {2011}
}
@MISC{Gunn:2011:updated2,
  author =       {S.R. Gunn and C. J. Lovell},
  title =        {Updated templates reference 2},
  year =         {2011}
}
@MISC{attribpackage,
  author =       {Matt Swift},
  title =        {The attrib LaTeX package
attribution of block elements (Frankenstein’s hat)},
  year =         {1999},
  url =          {http://cs.brown.edu/about/system/managed/latex/doc/attrib.pdf}
}

@inbook{Platzer_2024,
   title={Intersymbolic AI: Interlinking Symbolic AI and Subsymbolic AI},
   ISBN={9783031753879},
   ISSN={1611-3349},
   url={http://dx.doi.org/10.1007/978-3-031-75387-9_11},
   DOI={10.1007/978-3-031-75387-9_11},
   booktitle={Leveraging Applications of Formal Methods, Verification and Validation. Software Engineering Methodologies},
   publisher={Springer Nature Switzerland},
   author={Platzer, André},
   year={2024},
   month=oct, pages={162–180} }
